@misc{ StableMarriageProblem,
    author = "{Wikipedia contributors}",
    title = "Stable marriage problem --- {Wikipedia}{,} The Free Encyclopedia",
    year = "2023",
    howpublished = "\url{https://en.wikipedia.org/w/index.php?title=Stable_marriage_problem&oldid=1183298322}",
    note = "[Online; accessed 8-November-2023]"
}

@misc{ GaleShapley,
    author = "{Wikipedia contributors}",
    title = "Gale–Shapley algorithm --- {Wikipedia}{,} The Free Encyclopedia",
    year = "2023",
    howpublished = "\url{https://en.wikipedia.org/w/index.php?title=Gale\%E2\%80\%93Shapley_algorithm&oldid=1182520690}",
    note = "[Online; accessed 8-November-2023]"
}

@misc{ LatticeOfStableMatchings,
    author = "{Wikipedia contributors}",
    title = "Lattice of stable matchings --- {Wikipedia}{,} The Free Encyclopedia",
    year = "2023",
    howpublished = "\url{https://en.wikipedia.org/w/index.php?title=Lattice_of_stable_matchings&oldid=1171759774}",
    note = "[Online; accessed 8-November-2023]"
}

@article{ Gusfield3FastAlg,
    author = {Gusfield, Dan},
    title = {Three Fast Algorithms for Four Problems in Stable Marriage},
    journal = {SIAM Journal on Computing},
    volume = {16},
    number = {1},
    pages = {111-128},
    year = {1987},
    doi = {10.1137/0216010},
    URL = { https://doi.org/10.1137/0216010},
    eprint = {https://doi.org/10.1137/0216010}
}

@article{ irving1986complexity,
  title={The complexity of counting stable marriages},
  author={Irving, Robert W and Leather, Paul},
  journal={SIAM Journal on Computing},
  volume={15},
  number={3},
  pages={655--667},
  year={1986},
  publisher={SIAM}
}

@article{Irving1987AnEA,
  title={An efficient algorithm for the “optimal” stable marriage},
  author={Robert W. Irving and Paul Leather and Dan Gusfield},
  journal={J. ACM},
  year={1987},
  volume={34},
  pages={532-543},
  url={https://api.semanticscholar.org/CorpusID:8336713}
}

@INPROCEEDINGS{9719708,
  author={Palmer, Cory and Pálvölgyi, Dömotör},
  booktitle={2021 IEEE 62nd Annual Symposium on Foundations of Computer Science (FOCS)}, 
  title={At most 3.55n stable matchings}, 
  year={2022},
  volume={},
  number={},
  pages={217-227},
  doi={10.1109/FOCS52979.2021.00029}
}

@article{THURBER2002195,
title = {Concerning the maximum number of stable matchings in the stable marriage problem},
journal = {Discrete Mathematics},
volume = {248},
number = {1},
pages = {195-219},
year = {2002},
issn = {0012-365X},
doi = {https://doi.org/10.1016/S0012-365X(01)00194-7},
url = {https://www.sciencedirect.com/science/article/pii/S0012365X01001947},
author = {Edward G. Thurber},
keywords = {Stable marriage problem, Ranking matrix, Stable matchings}
}

@misc{ StableRoommatesProblem,
    author = "{Wikipedia contributors}",
    title = "Stable roommates problem --- {Wikipedia}{,} The Free Encyclopedia",
    year = "2023",
    howpublished = "\url{https://en.wikipedia.org/w/index.php?title=Stable_roommates_problem&oldid=1171589621}",
    note = "[Online; accessed 15-November-2023]"
}

@misc{ StableMarriageIndifference,
    author = "{Wikipedia contributors}",
    title = "Stable marriage with indifference --- {Wikipedia}{,} The Free Encyclopedia",
    year = "2023",
    howpublished = "\url{https://en.wikipedia.org/w/index.php?title=Stable_marriage_with_indifference&oldid=1183899721}",
    note = "[Online; accessed 16-November-2023]"
}

@misc{ RuralHospitals,
    author = "{Wikipedia contributors}",
    title = "Rural hospitals theorem --- {Wikipedia}{,} The Free Encyclopedia",
    year = "2022",
    howpublished = "\url{https://en.wikipedia.org/w/index.php?title=Rural_hospitals_theorem&oldid=1064508418}",
    note = "[Online; accessed 16-November-2023]"
}

@article{McVitie1971,
author = {McVitie, D. G. and Wilson, L. B.},
title = {The Stable Marriage Problem},
year = {1971},
issue_date = {July 1971},
publisher = {Association for Computing Machinery},
address = {New York, NY, USA},
volume = {14},
number = {7},
issn = {0001-0782},
url = {https://doi.org/10.1145/362619.362631},
doi = {10.1145/362619.362631},
month = {7},
pages = {486–490},
numpages = {5},
}

@article{ThreeProcedures1971,
author = {McVitie, D. G. and Wilson, L. B.},
title = {Algorithm 411: Three Procedures for the Stable Marriage Problem},
year = {1971},
issue_date = {July 1971},
publisher = {Association for Computing Machinery},
address = {New York, NY, USA},
volume = {14},
number = {7},
issn = {0001-0782},
url = {https://doi-org.altais.uniud.it/10.1145/362619.362632},
doi = {10.1145/362619.362632},
journal = {Commun. ACM},
month = {7},
pages = {491–492},
numpages = {2},
}

@article{DIAS2003391,
title = {The stable marriage problem with restricted pairs},
journal = {Theoretical Computer Science},
volume = {306},
number = {1},
pages = {391-405},
year = {2003},
issn = {0304-3975},
doi = {https://doi.org/10.1016/S0304-3975(03)00319-0},
url = {https://www.sciencedirect.com/science/article/pii/S0304397503003190},
author = {Vânia M.F. Dias and Guilherme D. {da Fonseca} and Celina M.H. {de Figueiredo} and Jayme L. Szwarcfiter},
}

@article{EirinakisEtAl2012,
author = {Eirinakis, Pavlos and Magos, Dimitrios and Mourtos, Ioannis and Miliotis, Panayiotis},
year = {2012},
month = {05},
pages = {245-259},
title = {Finding All Stable Pairs and Solutions to the Many-to-Many Stable Matching Problem},
volume = {24},
journal = {INFORMS Journal on Computing},
doi = {10.1287/ijoc.1110.0449}
}

@misc{gutin2023finding,
      title={Finding all stable matchings with assignment constraints}, 
      author={Gregory Gutin and Philip R. Neary and Anders Yeo},
      year={2023},
      eprint={2204.03989},
      archivePrefix={arXiv},
      primaryClass={econ.TH}
}

@misc{cai2019representing,
      title={Representing All Stable Matchings by Walking a Maximal Chain}, 
      author={Linda Cai and Clayton Thomas},
      year={2019},
      eprint={1910.04401},
      archivePrefix={arXiv},
      primaryClass={cs.GT}
}

@book{GusfieldBook,
author = {Gusfield, Dan and Irving, Robert W.},
title = {The Stable Marriage Problem: Structure and Algorithms},
year = {1989},
isbn = {0262071185},
publisher = {MIT Press},
address = {Cambridge, MA, USA}
}